<record><leader>00000cas a22000007a 4500</leader><controlfield tag="001">23097721</controlfield><controlfield tag="008">910213d1uuu19uucouwr ne      0    0eng d</controlfield><datafield ind1=" " ind2=" " tag="010"><subfield code="a">sn 91052056 </subfield></datafield><datafield ind1=" " ind2=" " tag="040"><subfield code="a">CNQ</subfield><subfield code="b">eng</subfield><subfield code="c">CNQ</subfield><subfield code="d">OCLCQ</subfield></datafield><datafield ind1=" " ind2=" " tag="042"><subfield code="a">msc</subfield></datafield><datafield ind1="0" ind2="4" tag="245"><subfield code="a">The Arvada sun.</subfield></datafield><datafield ind1=" " ind2=" " tag="260"><subfield code="a">Arvada, Colo. :</subfield><subfield code="b">A.W. Armstrong</subfield></datafield><datafield ind1=" " ind2=" " tag="300"><subfield code="a">v.</subfield></datafield><datafield ind1=" " ind2=" " tag="310"><subfield code="a">Weekly</subfield></datafield><datafield ind1=" " ind2=" " tag="530"><subfield code="a">Available on microfilm from the Colorado Historical Society.</subfield></datafield><datafield ind1=" " ind2=" " tag="580"><subfield code="a">Issued with: Edgewater record, Aug. 25, 1911-May 31, 1912.</subfield></datafield><datafield ind1=" " ind2=" " tag="588"><subfield code="a">Description based on: Vol. 11, no. 30 (June 6, 1911).</subfield></datafield><datafield ind1=" " ind2=" " tag="752"><subfield code="a">United States</subfield><subfield code="b">Colorado</subfield><subfield code="c">Jefferson</subfield><subfield code="d">Arvada.</subfield></datafield><datafield ind1=" " ind2=" " tag="752"><subfield code="a">United States</subfield><subfield code="b">Colorado</subfield><subfield code="c">Jefferson</subfield><subfield code="d">Edgewater.</subfield></datafield><datafield ind1="1" ind2=" " tag="777"><subfield code="t">Edgewater record</subfield><subfield code="w">(DLC)sn 91052046</subfield></datafield><datafield ind1="0" ind2="7" tag="785"><subfield code="t">Jefferson County republican</subfield></datafield><datafield ind1="0" ind2="7" tag="785"><subfield code="t">Jefferson County republican and the Arvada sun</subfield><subfield code="w">(DLC)sn 90051996</subfield></datafield></record>